<?xml version="1.0" encoding="UTF-8"?>
<record xmlns="http://www.loc.gov/MARC21/slim" xmlns:zs="http://docs.oasis-open.org/ns/search-ws/sruResponse">
 <leader>
  02501ckcaa22003737a 4500
 </leader>
 <controlfield tag="001">
  13951327
 </controlfield>
 <controlfield tag="005">
  20180703102920.0
 </controlfield>
 <controlfield tag="008">
  050504i19621965xx                ||eng
 </controlfield>
 <datafield ind1=" " ind2=" " tag="906">
  <subfield code="a">
   7
  </subfield>
  <subfield code="b">
   cbc
  </subfield>
  <subfield code="c">
   orignew
  </subfield>
  <subfield code="d">
   u
  </subfield>
  <subfield code="e">
   ncip
  </subfield>
  <subfield code="f">
   20
  </subfield>
  <subfield code="g">
   y-folklife
  </subfield>
 </datafield>
 <datafield ind1=" " ind2=" " tag="955">
  <subfield code="a">
   mkru 2005-05-04; mkru 2005-05-30; mkru 2005-11-16; mkru 2012-02-23
  </subfield>
 </datafield>
 <datafield ind1=" " ind2=" " tag="010">
  <subfield code="a">
   2005700223
  </subfield>
 </datafield>
 <datafield ind1=" " ind2=" " tag="040">
  <subfield code="a">
   DLC
  </subfield>
  <subfield code="c">
   DLC
  </subfield>
  <subfield code="e">
   dacs
  </subfield>
  <subfield code="d">
   DLC
  </subfield>
 </datafield>
 <datafield ind1=" " ind2=" " tag="043">
  <subfield code="a">
   n-us---
  </subfield>
  <subfield code="a">
   e-gx---
  </subfield>
 </datafield>
 <datafield ind1=" " ind2=" " tag="090">
  <subfield code="a">
   AFC 2003/050
  </subfield>
 </datafield>
 <datafield ind1="0" ind2="0" tag="245">
  <subfield code="a">
   American Folk Blues Festival photograph collection,
  </subfield>
  <subfield code="f">
   1962-1965 /
  </subfield>
  <subfield code="c">
   by Stephanie Wiesand.
  </subfield>
 </datafield>
 <datafield ind1=" " ind2=" " tag="300">
  <subfield code="a">
   1
  </subfield>
  <subfield code="f">
   folder
  </subfield>
  <subfield code="3">
   manuscripts.
  </subfield>
 </datafield>
 <datafield ind1=" " ind2=" " tag="300">
  <subfield code="3">
   reference copies
  </subfield>
  <subfield code="a">
   68 photographs :
  </subfield>
  <subfield code="b">
   digital prints, black and white, color ;
  </subfield>
  <subfield code="c">
   8 x 10 in.
  </subfield>
 </datafield>
 <datafield ind1=" " ind2=" " tag="500">
  <subfield code="a">
   Copyright deposit, 2003 Sept. 11.
  </subfield>
 </datafield>
 <datafield ind1=" " ind2=" " tag="520">
  <subfield code="a">
   The American Folk Blues Festival, promoted by German blues enthusiasts Horst Lippmann and Fritz Rau during the 1960s, brought American blues musicians to Europe for live concerts and studio performances. This collection of images of American blues musicians, photographed by Stepanie Wiesand from 1962 to 1965, documented blues performances during television tapings at Südwestfunk, a television station in Baden-Baden, Germany.
  </subfield>
 </datafield>
 <datafield ind1="8" ind2=" " tag="524">
  <subfield code="a">
   American Folk Blues Festival photograph collection (AFC 2003/050), Archive of Folk Culture, American Folklife Center, Library of Congress, Washington, D.C.
  </subfield>
 </datafield>
 <datafield ind1="0" ind2=" " tag="506">
  <subfield code="a">
   The collection of low resolution reference images is open for research use; the American Folklife Center does not hold the original images.  To request materials, please contact the Folklife Reading Room at http://hdl.loc.gov/loc.afc/folklife.contact
  </subfield>
 </datafield>
 <datafield ind1=" " ind2=" " tag="540">
  <subfield code="a">
   Collection materials are governed by copyright restrictions; contact the rights holder for permissions and restrictions.
  </subfield>
 </datafield>
 <datafield ind1=" " ind2=" " tag="541">
  <subfield code="a">
   Copyright deposit;
  </subfield>
  <subfield code="c">
   Transfer;
  </subfield>
  <subfield code="d">
   2005.
  </subfield>
 </datafield>
 <datafield ind1="0" ind2=" " tag="555">
  <subfield code="a">
   Finding aid is available in the Folklife Reading Room and online
  </subfield>
  <subfield code="u">
   http://hdl.loc.gov/loc.afc/eadafc.af006003
  </subfield>
 </datafield>
 <datafield ind1=" " ind2="0" tag="650">
  <subfield code="a">
   Blues musicians
  </subfield>
  <subfield code="z">
   United States
  </subfield>
  <subfield code="v">
   Photographs.
  </subfield>
 </datafield>
 <datafield ind1=" " ind2="0" tag="650">
  <subfield code="a">
   Blues festivals
  </subfield>
  <subfield code="z">
   Germany.
  </subfield>
 </datafield>
 <datafield ind1=" " ind2="0" tag="650">
  <subfield code="a">
   Women blues musicians
  </subfield>
  <subfield code="z">
   United States
  </subfield>
  <subfield code="v">
   Photographs.
  </subfield>
 </datafield>
 <datafield ind1=" " ind2="7" tag="655">
  <subfield code="a">
   Digital prints.
  </subfield>
  <subfield code="2">
   lctgm
  </subfield>
 </datafield>
 <datafield ind1="1" ind2=" " tag="700">
  <subfield code="a">
   Wiesand, Stephanie,
  </subfield>
  <subfield code="e">
   photographer.
  </subfield>
 </datafield>
 <datafield ind1="2" ind2=" " tag="711">
  <subfield code="a">
   American Folk Blues Festival.
  </subfield>
 </datafield>
 <datafield ind1=" " ind2=" " tag="852">
  <subfield code="a">
   DLC-AFC
  </subfield>
  <subfield code="b">
   Archive of Folk Culture, American Folklife Center,
  </subfield>
  <subfield code="e">
   101 Independence Ave. S.E., Washington, DC USA 20540-4610
  </subfield>
  <subfield code="u">
   http://hdl.loc.gov/loc.afc/folklife.home
  </subfield>
 </datafield>
 <datafield ind1="4" ind2="2" tag="856">
  <subfield code="3">
   Finding aid
  </subfield>
  <subfield code="u">
   http://hdl.loc.gov/loc.afc/eadafc.af006003
  </subfield>
 </datafield>
 <datafield ind1=" " ind2=" " tag="985">
  <subfield code="a">
   afc/ead
  </subfield>
 </datafield>
 <datafield ind1=" " ind2=" " tag="985">
  <subfield code="a">
   afc/coll
  </subfield>
 </datafield>
</record>
